<record><leader>00000cas a2200000 a 4500</leader><controlfield tag="001">182540786</controlfield><controlfield tag="008">071127d19uu1950cauwr ne      0    0eng c</controlfield><datafield ind1=" " ind2=" " tag="010"><subfield code="a">sn2007060126</subfield></datafield><datafield ind1=" " ind2=" " tag="040"><subfield code="a">CNK</subfield><subfield code="b">eng</subfield><subfield code="c">CNK</subfield><subfield code="d">CNK</subfield><subfield code="d">OCLCQ</subfield><subfield code="d">OCLCF</subfield><subfield code="d">OCLCO</subfield></datafield><datafield ind1=" " ind2=" " tag="042"><subfield code="a">pcc</subfield></datafield><datafield ind1=" " ind2=" " tag="043"><subfield code="a">n-us-ca</subfield></datafield><datafield ind1="0" ind2=" " tag="130"><subfield code="a">Times-journal (Castroville, Calif.)</subfield></datafield><datafield ind1="1" ind2="0" tag="245"><subfield code="a">Times-journal.</subfield></datafield><datafield ind1=" " ind2=" " tag="260"><subfield code="a">Castroville, Calif. :</subfield><subfield code="b">L.M. Thompson</subfield></datafield><datafield ind1=" " ind2=" " tag="310"><subfield code="a">Weekly</subfield></datafield><datafield ind1="0" ind2=" " tag="362"><subfield code="a">-v. 4, no. 8 (July 27, 1950).</subfield></datafield><datafield ind1=" " ind2=" " tag="530"><subfield code="a">Master negatives are available for duplication from:</subfield><subfield code="b">California Newspaper Microfilm Archive;</subfield><subfield code="c">positive copies may be purchased by the reel; for further information consult the CNMA at:</subfield><subfield code="u">http://cbsr.ucr.edu</subfield></datafield><datafield ind1=" " ind2=" " tag="588"><subfield code="a">Description based on: Vol. 4, no. 3 (June 22, 1950).</subfield></datafield><datafield ind1=" " ind2="0" tag="651"><subfield code="a">Castroville (Calif.)</subfield><subfield code="v">Newspapers.</subfield></datafield><datafield ind1=" " ind2="7" tag="655"><subfield code="a">Newspapers.</subfield><subfield code="2">fast</subfield><subfield code="0">(OCoLC)fst01423814</subfield></datafield><datafield ind1=" " ind2="7" tag="651"><subfield code="a">California</subfield><subfield code="z">Castroville.</subfield><subfield code="2">fast</subfield><subfield code="0">(OCoLC)fst01230978</subfield></datafield><datafield ind1=" " ind2=" " tag="752"><subfield code="a">United States</subfield><subfield code="b">California</subfield><subfield code="c">Monterey</subfield><subfield code="d">Castroville.</subfield></datafield><datafield ind1="0" ind2="0" tag="785"><subfield code="t">Castroville times (Castroville, Calif. : 1950)</subfield><subfield code="w">(DLC)sn2007060127</subfield></datafield></record>